<record><leader>00000cas a2200000 a 4500</leader><controlfield tag="001">42338347</controlfield><controlfield tag="007">hd afu---bucu</controlfield><controlfield tag="008">820723d18771877waudn nea     0   a0eng c</controlfield><datafield ind1=" " ind2=" " tag="010"><subfield code="a">  2004252374</subfield></datafield><datafield ind1=" " ind2=" " tag="040"><subfield code="a">Wa</subfield><subfield code="b">eng</subfield><subfield code="c">WRJ</subfield><subfield code="d">OCL</subfield><subfield code="d">WAU</subfield><subfield code="d">OCLCQ</subfield><subfield code="d">OCLCF</subfield><subfield code="d">OCLCO</subfield><subfield code="d">OCLCQ</subfield></datafield><datafield ind1=" " ind2=" " tag="042"><subfield code="a">pcc</subfield></datafield><datafield ind1=" " ind2=" " tag="043"><subfield code="a">n-us-wa</subfield></datafield><datafield ind1="0" ind2=" " tag="082"><subfield code="a">071.9779</subfield><subfield code="2">19</subfield></datafield><datafield ind1="0" ind2=" " tag="130"><subfield code="a">Daily courier (Olympia, Wash.)</subfield></datafield><datafield ind1="1" ind2="0" tag="245"><subfield code="a">Daily courier.</subfield></datafield><datafield ind1=" " ind2=" " tag="260"><subfield code="a">Olympia, Wash. Territory :</subfield><subfield code="b">C.B. Bagley,</subfield><subfield code="c">1877-</subfield></datafield><datafield ind1=" " ind2=" " tag="300"><subfield code="a">volumes :</subfield><subfield code="b">illustrations</subfield></datafield><datafield ind1=" " ind2=" " tag="310"><subfield code="a">Daily (except Sundays)</subfield></datafield><datafield ind1=" " ind2=" " tag="336"><subfield code="a">text</subfield><subfield code="b">txt</subfield><subfield code="2">rdacontent</subfield></datafield><datafield ind1=" " ind2=" " tag="337"><subfield code="a">microform</subfield><subfield code="b">h</subfield><subfield code="2">rdamedia</subfield></datafield><datafield ind1=" " ind2=" " tag="338"><subfield code="a">microfilm reel</subfield><subfield code="b">hd</subfield><subfield code="2">rdacarrier</subfield></datafield><datafield ind1="0" ind2=" " tag="362"><subfield code="a">No. 1 (Mar. 2, 1877)-</subfield></datafield><datafield ind1="1" ind2=" " tag="362"><subfield code="a">Ceased with no. 186 (Oct. 6, 1877).</subfield></datafield><datafield ind1=" " ind2=" " tag="515"><subfield code="a">Volume designation carries numbering from the Puget Sound daily courier (Vol. 4) and the Daily Olympian (Vol. 2) on the masthead area.</subfield></datafield><datafield ind1=" " ind2=" " tag="580"><subfield code="a">Continues: Puget Sound daily courier, which was suspended with the Dec. 31, 1874 issue.</subfield></datafield><datafield ind1=" " ind2=" " tag="588"><subfield code="a">Latest issue consulted: No. 159 (Sept. 5, 1877).</subfield></datafield><datafield ind1=" " ind2=" " tag="533"><subfield code="a">Microfilm.</subfield><subfield code="b">Olympia, Wash. :</subfield><subfield code="c">Washington State Library ;</subfield><subfield code="b">[Wooster, Ohio :</subfield><subfield code="c">Bell &amp; Howell, Micro Photo Division distributor],</subfield><subfield code="d">1951.</subfield><subfield code="e">1 microfilm reel ; 35 mm.</subfield><subfield code="n">Filmed with: Puget Sound daily courier.</subfield></datafield><datafield ind1=" " ind2="0" tag="651"><subfield code="a">Olympia (Wash.)</subfield><subfield code="v">Periodicals.</subfield></datafield><datafield ind1=" " ind2="7" tag="651"><subfield code="a">Washington (State)</subfield><subfield code="z">Olympia.</subfield><subfield code="2">fast</subfield><subfield code="0">(OCoLC)fst01206098</subfield></datafield><datafield ind1=" " ind2="7" tag="655"><subfield code="a">Periodicals.</subfield><subfield code="2">fast</subfield><subfield code="0">(OCoLC)fst01411641</subfield></datafield><datafield ind1=" " ind2=" " tag="752"><subfield code="a">United States</subfield><subfield code="b">Washington</subfield><subfield code="c">Thurston</subfield><subfield code="d">Olympia.</subfield></datafield><datafield ind1="0" ind2=" " tag="775"><subfield code="a">Puget Sound weekly courier</subfield><subfield code="w">(OCoLC)42339989</subfield></datafield><datafield ind1="1" ind2=" " tag="776"><subfield code="c">Original</subfield><subfield code="w">(DLC)sn 86071973</subfield><subfield code="w">(OCoLC)14284265</subfield></datafield><datafield ind1="1" ind2="0" tag="780"><subfield code="t">Puget Sound daily courier</subfield><subfield code="w">(DLC)  2004252373</subfield><subfield code="w">(OCoLC)42338389</subfield></datafield><datafield ind1="1" ind2=" " tag="029"><subfield code="a">AU@</subfield><subfield code="b">000026493712</subfield></datafield></record>